<record><leader>00000cas a2200000 a 4500</leader><controlfield tag="001">10822052</controlfield><controlfield tag="008">840608d18321838maudn ne      0    0eng c</controlfield><datafield ind1=" " ind2=" " tag="010"><subfield code="a">sn 84024521 </subfield></datafield><datafield ind1=" " ind2=" " tag="040"><subfield code="a">AQM</subfield><subfield code="b">eng</subfield><subfield code="c">AQM</subfield><subfield code="d">NPV</subfield><subfield code="d">NPX</subfield><subfield code="d">DLC</subfield><subfield code="d">NPA</subfield><subfield code="d">MGN</subfield><subfield code="d">CRL</subfield><subfield code="d">NVK</subfield><subfield code="d">OCL</subfield><subfield code="d">DLC</subfield><subfield code="d">OCLCQ</subfield><subfield code="d">OCLCF</subfield><subfield code="d">OCLCO</subfield></datafield><datafield ind1="1" ind2=" " tag="029"><subfield code="a">AU@</subfield><subfield code="b">000020119763</subfield></datafield><datafield ind1=" " ind2=" " tag="042"><subfield code="a">pcc</subfield></datafield><datafield ind1=" " ind2=" " tag="043"><subfield code="a">n-us-ma</subfield></datafield><datafield ind1="0" ind2="0" tag="050"><subfield code="a">Newspaper</subfield></datafield><datafield ind1="0" ind2="0" tag="245"><subfield code="a">Boston daily advocate.</subfield></datafield><datafield ind1="1" ind2="3" tag="246"><subfield code="a">Daily advocate</subfield></datafield><datafield ind1=" " ind2=" " tag="260"><subfield code="a">Boston [Mass.] :</subfield><subfield code="b">Benjamin F. Hallett,</subfield><subfield code="c">1832-1838.</subfield></datafield><datafield ind1=" " ind2=" " tag="300"><subfield code="a">8 v. ;</subfield><subfield code="c">54 cm.</subfield></datafield><datafield ind1=" " ind2=" " tag="310"><subfield code="a">Daily (except Sunday)</subfield></datafield><datafield ind1="0" ind2=" " tag="362"><subfield code="a">Vol. 1, no. 1 (Jan. 3, 1832)-v. 8, no. 2192 (Dec. 31, 1838).</subfield></datafield><datafield ind1=" " ind2=" " tag="500"><subfield code="a">Prospectus issued Dec. 27, 1831.</subfield></datafield><datafield ind1=" " ind2=" " tag="500"><subfield code="a">Anti-Masonic.</subfield></datafield><datafield ind1=" " ind2=" " tag="580"><subfield code="a">Weekly eds.: Free press (Boston, Mass. : 1829), 1832, and: Free press and Boston weekly advocate, 1832-1837, and: Free press and advocate (Boston, Mass.), 1837-1838.</subfield></datafield><datafield ind1=" " ind2=" " tag="580"><subfield code="a">Semiweekly eds.: Boston press, 1832, and: Boston press, and semi-weekly advocate, 1832-1837, and: Boston press and advocate, 1837-1838.</subfield></datafield><datafield ind1=" " ind2="0" tag="651"><subfield code="a">Boston (Mass.)</subfield><subfield code="v">Newspapers.</subfield></datafield><datafield ind1=" " ind2="7" tag="655"><subfield code="a">Newspapers.</subfield><subfield code="2">fast</subfield><subfield code="0">(OCoLC)fst01423814</subfield></datafield><datafield ind1=" " ind2="7" tag="651"><subfield code="a">Massachusetts</subfield><subfield code="z">Boston.</subfield><subfield code="2">fast</subfield><subfield code="0">(OCoLC)fst01205012</subfield></datafield><datafield ind1=" " ind2=" " tag="752"><subfield code="a">United States</subfield><subfield code="b">Massachusetts</subfield><subfield code="c">Suffolk</subfield><subfield code="d">Boston.</subfield></datafield><datafield ind1="1" ind2=" " tag="775"><subfield code="t">Free press (Boston, Mass. : 1829)</subfield><subfield code="w">(DLC)sn 84023325</subfield></datafield><datafield ind1="1" ind2=" " tag="775"><subfield code="t">Free press and Boston weekly advocate</subfield><subfield code="w">(DLC)sn 84023327</subfield></datafield><datafield ind1="1" ind2=" " tag="775"><subfield code="t">Free press and advocate (Boston, Mass.)</subfield><subfield code="w">(DLC)sn 84023328</subfield></datafield><datafield ind1="1" ind2=" " tag="775"><subfield code="t">Boston press</subfield><subfield code="w">(DLC)sn 84023554</subfield></datafield><datafield ind1="1" ind2=" " tag="775"><subfield code="t">Boston press, and semi-weekly advocate</subfield><subfield code="w">(DLC)sn 84023555</subfield></datafield><datafield ind1="1" ind2=" " tag="775"><subfield code="t">Boston press and advocate</subfield><subfield code="w">(DLC)sn 84023556</subfield></datafield><datafield ind1="0" ind2="4" tag="785"><subfield code="t">Boston morning post (Boston, Mass. : 1831)</subfield><subfield code="w">(DLC)sn 84023563</subfield></datafield></record>